@misc{RCoreTeam,
address = {Vienna, Austria},
author = {{R Core Team}},
publisher = {CRAN R Project},
title = {{R: A language and environment for statistical computing. version 4.0.0}},
url = {https://www.r-project.org/},
year = {2020}
}

@article{chirps,
author = {{{de Sousa}}, Kau{\^{e}} and Sparks, Adam and Ashmall, William and {{van Etten}}, Jacob and Solberg, Svein},
doi = {10.21105/joss.02419},
issn = {2475-9066},
journal = {Journal of Open Source Software},
month = {jul},
number = {51},
pages = {2419},
title = {{chirps: API Client for the CHIRPS Precipitation Data in R}},
url = {https://doi.org/10.21105/joss.02419},
volume = {5},
year = {2020}
}

@article{deSousa2018,
author = {{de Sousa}, Kau{\^{e}} and Casanoves, Fernando and Sellare, Jorge and Ospina, Alejandra and Suchini, Jose Gabriel and Aguilar, Amilcar and Mercado, Leida},
doi = {10.1016/j.jrurstud.2018.09.018},
journal = {Journal of Rural Studies},
pages = {11--19},
title = {{How climate awareness influences farmers' adaptation decisions in Central America?}},
url = {https://doi.org/10.1016/j.jrurstud.2018.09.018},
volume = {64},
year = {2018}
}


@incollection{Kehel2016,
author = {Kehel, Z. and Crossa, J. and Reynolds, M.},
booktitle = {Applied Mathematics and Omics to Assess Crop Genetic Resources for Climate Change Adaptive Traits},
chapter = {13},
editor = {Bari, Abdallah and Damania, Ardeshir B. and Mackay, Michael and Dayanandan, Selvadurai},
isbn = {9781498730136},
doi = {10.1201/9781315369006-13},
pages = {151--174},
publisher = {CRC Press},
title = {{Identifying Climate Patterns during the Crop-Growing Cycle from 30 Years of CIMMYT Elite Spring Wheat International Yield Trials}},
year = {2016}
}


@article{vanEtten2019,
author = {{van Etten}, Jacob and {de Sousa}, Kau{\^{e}} and Aguilar, Am{\'{i}}lcar and Barrios, Mirna and Coto, Allan and {Dell'Acqua}, Matteo and Fadda, Carlo and Gebrehawaryat, Yosef and {van de Gevel}, Jeske and Gupta, Arnab and Kiros, Afewerki Y. and Madriz, Brandon and Mathur, Prem and Mengistu, Dejene K. and Mercado, Leida and {Nurhisen Mohammed}, Jemal and Paliwal, Ambica and P{\`{e}}, Mario Enrico and Quir{\'{o}}s, Carlos F. and Rosas, Juan Carlos and Sharma, Neeraj and Singh, S. S. and Solanki, Iswhar S. and Steinke, Jonathan},
doi = {10.1073/pnas.1813720116},
issn = {0027-8424},
journal = {Proceedings of the National Academy of Sciences},
mendeley-groups = {tricotgenomic},
month = {feb},
number = {10},
pages = {4194--4199},
publisher = {National Academy of Sciences},
title = {{Crop variety management for climate adaptation supported by citizen science}},
url = {http://www.pnas.org/lookup/doi/10.1073/pnas.1813720116},
volume = {116},
year = {2019}
}

@article{vanEtten2019tricot,
author = {{{van Etten}}, Jacob and Beza, Eskender and Calderer, Llu{\'{i}}s and {{van Duijvendijk}}, Kees and Fadda, Carlo and Fantahun, Basazen and Kidane, Yosef Gebrehawaryat and {{van de Gevel}}, Jeske and Gupta, Arnab and Mengistu, Dejene Kassahun and Kiambi, Dan and Mathur, Prem Narain and Mercado, Leida and Mittra, Sarika and Mollel, Margaret J. and Rosas, Juan Carlos and Steinke, Jonathan and Suchini, Jose Gabriel and Zimmerer, Karl S.},
doi = {10.1017/S0014479716000739},
issn = {0014-4797},
journal = {Experimental Agriculture},
mendeley-groups = {gosset,phd-thesis,PPB},
month = {jun},
number = {S1},
pages = {275--296},
publisher = {Cambridge University Press},
title = {{First experiences with a novel farmer citizen science approach: crowdsourcing participatory variety selection through on-farm triadic comparisons of technologies (tricot)}},
url = {https://www.cambridge.org/core/product/identifier/S0014479716000739/type/journal_article},
volume = {55},
year = {2016}
}



@article{Wan2015,
author = {Wan, Z. and Hook, S. and Hulley, G.},
doi = {10.5067/MODIS/MYD11A1.006},
journal = {NASA EOSDIS LP DAAC},
publisher = {NASA EOSDIS LP DAAC},
title = {{MYD11A1 MODIS/Aqua Land Surface Temperature/Emissivity Daily L3 Global 1km SIN Grid V006 [Data set]}},
url = {10.5067/MODIS/MYD11A1.006},
year = {2015}
}


@article{Funk2015,
author = {Funk, Chris and Peterson, Pete and Landsfeld, Martin and Pedreros, Diego and Verdin, James and Shukla, Shraddhanand and Husak, Gregory and Rowland, James and Harrison, Laura and Hoell, Andrew and Michaelsen, Joel},
doi = {10.1038/sdata.2015.66},
journal = {Scientific Data},
keywords = {chirps,rain},
mendeley-groups = {tricotgenomic},
mendeley-tags = {chirps,rain},
month = {dec},
pages = {150066},
publisher = {Macmillan Publishers Limited},
title = {{The climate hazards infrared precipitation with stationsâ€”a new environmental record for monitoring extremes}},
url = {http://dx.doi.org/10.1038/sdata.2015.66},
volume = {2},
year = {2015}
}

@misc{Hijmans2015,
author = {Hijmans, Robert J and {van Etten}, Jacob and Cheng, Joe and Mattiuzzi, Matteo and Sumner, Michael and Greenberg, Jonathan A and Lamigueiro, Oscar Perpinan and Bevan, Andrew and Racine, Etienne B and Shortridge, Ashton},
publisher = {CRAN R Project},
title = {{raster: Geographic Data Analysis and Modeling. R package version 2.5-8.}},
url = {https://cran.r-project.org/package=raster},
year = {2015}
}

@article{Sparks2018,
author = {Sparks, Adam H},
doi = {10.21105/joss.01035},
journal = {Journal of Open Source Software},
mendeley-groups = {tricotgenomic,gosset},
number = {30},
pages = {1035},
title = {{nasapower: A NASA POWER Global Meteorology, Surface Solar Energy and Climatology Data Client for R}},
url = {https://doi.org/10.21105/joss.01035},
volume = {3},
year = {2018}
}


@article{sf,
    author = {Edzer Pebesma},
    title = {{Simple Features for R: Standardized Support for Spatial Vector Data}},
    year = {2018},
    journal = {{The R Journal}},
    doi = {10.32614/RJ-2018-009},
    url = {https://doi.org/10.32614/RJ-2018-009},
    pages = {439--446},
    volume = {10},
    number = {1},
}

@article{Prentice1992,
author = {Prentice, I. Colin and Cramer, Wolfgang and Harrison, Sandy P. and Leemans, Rik and Monserud, Robert A. and Solomon, Allen M.},
doi = {10.2307/2845499},
issn = {03050270},
journal = {Journal of Biogeography},
mendeley-groups = {gosset},
month = {mar},
number = {2},
pages = {117},
title = {{Special Paper: A Global Biome Model Based on Plant Physiology and Dominance, Soil Properties and Climate}},
url = {https://www.jstor.org/stable/2845499},
volume = {19},
year = {1992}
}

@article{YLiu2018,
author = {Liu, Yang and El-Kassaby, Yousry A.},
doi = {10.1038/s41598-018-26681-1},
isbn = {9781509021826},
issn = {20452322},
journal = {Scientific Reports},
month = {oct},
title = {{Evapotranspiration and favorable growing degree-days are key to tree height growth and ecosystem functioning: Meta-analyses of Pacific Northwest historical data}},
url = {https://doi.org/10.1038/s41598-018-26681-1},
volume = {8228},
year = {2018}
}

@article{JWu2013,
author = {Wu, Jiabing and Guan, Dexin and Yuan, Fenhui and Wang, Anzhi and Jin, Changjie},
doi = {10.1371/journal.pone.0065401},
editor = {Bernacchi, Carl J.},
issn = {1932-6203},
journal = {PLoS ONE},
month = {jun},
number = {6},
pages = {e65401},
publisher = {Public Library of Science},
title = {{Soil Temperature Triggers the Onset of Photosynthesis in Korean Pine}},
url = {https://doi.org/10.1371/journal.pone.0065401},
volume = {8},
year = {2013}
}

@book{Brouwer1986,
address = {Rome, Italy},
author = {Brouwer, C. and Heibloem, M.},
edition = {Training m},
mendeley-groups = {gosset},
publisher = {Food and Agriculture Organization of The United Nations},
title = {{Irrigation water management: Irrigation water needs}},
url = {http://www.fao.org/3/S2022E/s2022e00.htm},
year = {1986}
}

@article{Challinor2016,
author = {Challinor, A. J. and Koehler, A.-K. and Ramirez-Villegas, J. and Whitfield, S. and Das, B.},
doi = {10.1038/nclimate3061},
issn = {1758-678X},
journal = {Nature Climate Change},
mendeley-groups = {tricot-genomic,specilisation-ae},
number = {10},
pages = {954--958},
publisher = {Nature Publishing Group},
title = {{Current warming will reduce yields unless maize breeding and seed systems adapt immediately}},
url = {https://doi.org/10.1038/nclimate3061},
volume = {6},
year = {2016}
}

@book{PlantEcology,
address = {Berlin, Germany},
author = {Schulze, Ernst-Detlef and Beck, Erwin and Buchmann, Nina and Clemens, Stephan and M{\"{u}}ller-Hohenstein, Klaus and Scherer-Lorenzen, Michael},
doi = {10.1007/978-3-662-56233-8},
edition = {Second Edi},
isbn = {978-3-662-56231-4},
pages = {925},
publisher = {Springer},
title = {{Plant Ecology}},
url = {https://doi.org/10.1007/978-3-662-56233-8},
year = {2019}
}

@article{Trnka2014,
author = {Trnka, Miroslav and R{\"{o}}tter, Reimund P. and Ruiz-Ramos, Margarita and Kersebaum, Kurt Christian and Olesen, J{\o}rgen E. and {\v{Z}}alud, Zden{\v{e}}k and Semenov, Mikhail A.},
doi = {10.1038/nclimate2242},
issn = {17586798},
journal = {Nature Climate Change},
month = {may},
number = {7},
pages = {637--643},
publisher = {Nature Publishing Group},
title = {{Adverse weather conditions for European wheat production will become more frequent with climate change}},
url = {https://doi.org/10.1038/nclimate2242},
volume = {4},
year = {2014}
}

@article{Zohner2020,
author = {Zohner, Constantin M. and Mo, Lidong and Renner, Susanne S. and Svenning, Jens-Christian and Vitasse, Yann and Benito, Blas M. and Ordonez, Alejandro and Baumgarten, Frederik and Bastin, Jean-Fran{\c{c}}ois and Sebald, Veronica and Reich, Peter B. and Liang, Jingjing and Nabuurs, Gert-Jan and De-Miguel, Sergio and Alberti, Giorgio and Ant{\'{o}}n-Fern{\'{a}}ndez, Clara and Balazy, Radomir and Br{\"{a}}ndli, Urs-Beat and Chen, Han Y. H. and Chisholm, Chelsea and Cienciala, Emil and Dayanandan, Selvadurai and Fayle, Tom M. and Frizzera, Lorenzo and Gianelle, Damiano and Jagodzinski, Andrzej M. and Jaroszewicz, Bogdan and Jucker, Tommaso and Kepfer-Rojas, Sebastian and Khan, Mohammed Latif and Kim, Hyun Seok and Korjus, Henn and Johannsen, Vivian Kvist and Laarmann, Diana and Lang, Mait and Zawila-Niedzwiecki, Tomasz and Niklaus, Pascal A. and Paquette, Alain and Pretzsch, Hans and Saikia, Purabi and Schall, Peter and {\v{S}}ebeÅˆ, Vladim{\'{i}}r and Svoboda, Miroslav and Tikhonova, Elena and Viana, Helder and Zhang, Chunyu and Zhao, Xiuhai and Crowther, Thomas W.},
doi = {10.1073/pnas.1920816117},
issn = {0027-8424},
journal = {Proceedings of the National Academy of Sciences},
pages = {201920816},
publisher = {National Academy of Sciences},
title = {{Late-spring frost risk between 1959 and 2017 decreased in North America but increased in Europe and Asia}},
url = {https://doi.org/10.1073/pnas.1920816117},
year = {2020}
}

@article{Turner2020,
author = {Turner, Heather L and {van Etten}, Jacob and Firth, David and Kosmidis, Ioannis},
doi = {10.1007/s00180-020-00959-3},
issn = {1613-9658},
journal = {Computational Statistics},
mendeley-groups = {tricot-genomic},
title = {{Modelling rankings in R: the PlackettLuce package}},
url = {https://doi.org/10.1007/s00180-020-00959-3},
year = {2020}
}

@article{Wan2015,
author = {Wan, Z. and Hook, S. and Hulley, G.},
doi = {10.5067/MODIS/MYD11A1.006},
journal = {NASA EOSDIS LP DAAC},
publisher = {NASA EOSDIS LP DAAC},
title = {{MYD11A1 MODIS/Aqua Land Surface Temperature/Emissivity Daily L3 Global 1km SIN Grid V006 [Data set]}},
url = {10.5067/MODIS/MYD11A1.006},
year = {2015}
}

@article{deMedeiros2016,
author = {{de Medeiros}, Gerson Araujo and Daniel, Luiz Antonio and Fengler, Felipe Hashimoto},
doi = {10.1155/2016/8065985},
editor = {Clay, David},
issn = {1687-8159},
journal = {International Journal of Agronomy},
pages = {8065985},
publisher = {Hindawi Publishing Corporation},
title = {{Growth, Development, and Water Consumption of Irrigated Bean Crop Related to Growing Degree-Days on Different Soil Tillage Systems in Southeast Brazil}},
url = {https://doi.org/10.1155/2016/8065985},
volume = {2016},
year = {2016}
}


@book{Lambers2008,
author = {Lambers, Hans and {Chapin III}, F. Stuart and Pons, Thijs L.},
doi = {10.1007/978-0-387-78341-3},
edition = {Second Edi},
pages = {620},
title = {{Plant Physiological Ecology}},
url = {http://doi.org/10.1007/978-0-387-78341-3},
year = {2008}
}

@Book{ggplot2,
    author = {Hadley Wickham},
    title = {{ggplot2: Elegant Graphics for Data Analysis}},
    publisher = {Springer-Verlag New York},
    year = {2016},
    isbn = {978-3-319-24277-4},
    url = {https://ggplot2.tidyverse.org},
  }
  
@Manual{patchwork,
    title = {{patchwork: The Composer of Plots}},
    author = {Thomas Lin Pedersen},
    year = {2020},
    note = {R package version 1.0.1},
    url = {https://CRAN.R-project.org/package=patchwork},
  }


@article{Aguilar2005,
author = {Aguilar, E. and Peterson, T. C. and Obando, P. Ram{\'{i}}rez and Frutos, R. and Retana, J. A. and Solera, M. and Soley, J. and Garc{\'{i}}a, I. Gonz{\'{a}}lez and Araujo, R. M. and Santos, A. Rosa and Valle, V. E. and Brunet, M. and Aguilar, L. and {\'{A}}lvarez, L. and Bautista, M. and Casta{\~{n}}{\'{o}}n, C. and Herrera, L. and Ruano, E. and Sinay, J. J. and S{\'{a}}nchez, E. and Oviedo, G. I. Hern{\'{a}}ndez and Obed, F. and Salgado, J. E. and V{\'{a}}zquez, J. L. and Baca, M. and Guti{\'{e}}rrez, M. and Centella, C. and Espinosa, J. and Mart{\'{i}}nez, D. and Olmedo, B. and Espinoza, C. E. Ojeda and N{\'{u}}{\~{n}}ez, R. and Haylock, M. and Benavides, H. and Mayorga, R.},
doi = {10.1029/2005JD006119},
issn = {0148-0227},
journal = {Journal of Geophysical Research},
keywords = {Central and South America,climate change,extreme indices},
mendeley-groups = {gosset},
number = {D23},
pages = {D23107},
title = {{Changes in precipitation and temperature extremes in Central America and northern South America, 1961â€“2003}},
url = {http://doi.wiley.com/10.1029/2005JD006119},
volume = {110},
year = {2005}
}


@article{DeSousa2018,
author = {{de Sousa}, Kau{\^{e}} and Casanoves, Fernando and Sellare, Jorge and Ospina, Alejandra and Suchini, Jose Gabriel and Aguilar, Amilcar and Mercado, Leida},
doi = {10.1016/j.jrurstud.2018.09.018},
journal = {Journal of Rural Studies},
pages = {11--19},
title = {{How climate awareness influences farmers' adaptation decisions in Central America?}},
url = {https://doi.org/10.1016/j.jrurstud.2018.09.018},
volume = {64},
year = {2018}
}


@incollection{Kehel2016,
author = {Kehel, Z. and Crossa, J. and Reynolds, M.},
booktitle = {Applied Mathematics and Omics to Assess Crop Genetic Resources for Climate Change Adaptive Traits},
chapter = {13},
editor = {Bari, Abdallah and Damania, Ardeshir B. and Mackay, Michael and Dayanandan, Selvadurai},
isbn = {9781498730136},
mendeley-groups = {tricotgenomic,gosset},
pages = {151--174},
publisher = {CRC Press},
title = {{Identifying Climate Patterns during the Crop-Growing Cycle from 30 Years of CIMMYT Elite Spring Wheat International Yield Trials}},
year = {2016}
}


@article{vanEtten2019,
author = {{van Etten}, Jacob and {de Sousa}, Kau{\^{e}} and Aguilar, Am{\'{i}}lcar and Barrios, Mirna and Coto, Allan and {Dell'Acqua}, Matteo and Fadda, Carlo and Gebrehawaryat, Yosef and {van de Gevel}, Jeske and Gupta, Arnab and Kiros, Afewerki Y. and Madriz, Brandon and Mathur, Prem and Mengistu, Dejene K. and Mercado, Leida and {Nurhisen Mohammed}, Jemal and Paliwal, Ambica and P{\`{e}}, Mario Enrico and Quir{\'{o}}s, Carlos F. and Rosas, Juan Carlos and Sharma, Neeraj and Singh, S. S. and Solanki, Iswhar S. and Steinke, Jonathan},
doi = {10.1073/pnas.1813720116},
issn = {0027-8424},
journal = {Proceedings of the National Academy of Sciences},
mendeley-groups = {tricotgenomic},
month = {feb},
number = {10},
pages = {4194--4199},
publisher = {National Academy of Sciences},
title = {{Crop variety management for climate adaptation supported by citizen science}},
url = {http://www.pnas.org/lookup/doi/10.1073/pnas.1813720116},
volume = {116},
year = {2019}
}


@article{Wan2015,
author = {Wan, Z. and Hook, S. and Hulley, G.},
doi = {10.5067/MODIS/MYD11A1.006},
journal = {NASA EOSDIS LP DAAC},
publisher = {NASA EOSDIS LP DAAC},
title = {{MYD11A1 MODIS/Aqua Land Surface Temperature/Emissivity Daily L3 Global 1km SIN Grid V006 [Data set]}},
url = {10.5067/MODIS/MYD11A1.006},
year = {2015}
}


@article{Funk2015,
author = {Funk, Chris and Peterson, Pete and Landsfeld, Martin and Pedreros, Diego and Verdin, James and Shukla, Shraddhanand and Husak, Gregory and Rowland, James and Harrison, Laura and Hoell, Andrew and Michaelsen, Joel},
doi = {10.1038/sdata.2015.66},
journal = {Scientific Data},
keywords = {chirps,rain},
mendeley-groups = {tricotgenomic},
mendeley-tags = {chirps,rain},
month = {dec},
pages = {150066},
publisher = {Macmillan Publishers Limited},
title = {{The climate hazards infrared precipitation with stationsâ€”a new environmental record for monitoring extremes}},
url = {http://dx.doi.org/10.1038/sdata.2015.66},
volume = {2},
year = {2015}
}

@misc{Hijmans2015,
author = {Hijmans, Robert J and {van Etten}, Jacob and Cheng, Joe and Mattiuzzi, Matteo and Sumner, Michael and Greenberg, Jonathan A and Lamigueiro, Oscar Perpinan and Bevan, Andrew and Racine, Etienne B and Shortridge, Ashton},
publisher = {CRAN R Project},
title = {{raster: Geographic Data Analysis and Modeling. R package version 2.5-8.}},
url = {https://cran.r-project.org/package=raster},
year = {2015}
}

@book{Brouwer1986,
address = {Rome, Italy},
author = {Brouwer, C. and Heibloem, M.},
edition = {Training m},
mendeley-groups = {gosset},
publisher = {Food and Agriculture Organization of The United Nations},
title = {{Irrigation water management: Irrigation water needs}},
year = {1986}
}

@article{Sparks2018,
author = {Sparks, Adam H},
doi = {10.21105/joss.01035},
journal = {Journal of Open Source Software},
mendeley-groups = {tricotgenomic,gosset},
number = {30},
pages = {1035},
title = {{nasapower: A NASA POWER Global Meteorology, Surface Solar Energy and Climatology Data Client for R}},
url = {https://doi.org/10.21105/joss.01035},
volume = {3},
year = {2018}
}


@article{Prentice1992,
author = {Prentice, I. Colin and Cramer, Wolfgang and Harrison, Sandy P. and Leemans, Rik and Monserud, Robert A. and Solomon, Allen M.},
doi = {10.2307/2845499},
issn = {03050270},
journal = {Journal of Biogeography},
mendeley-groups = {gosset},
month = {mar},
number = {2},
pages = {117},
title = {{Special Paper: A Global Biome Model Based on Plant Physiology and Dominance, Soil Properties and Climate}},
url = {https://www.jstor.org/stable/2845499},
volume = {19},
year = {1992}
}

@article{Challinor2016,
author = {Challinor, A. J. and Koehler, A.-K. and Ramirez-Villegas, J. and Whitfield, S. and Das, B.},
doi = {10.1038/nclimate3061},
issn = {1758-678X},
journal = {Nature Climate Change},
mendeley-groups = {tricot-genomic,specilisation-ae},
number = {10},
pages = {954--958},
publisher = {Nature Publishing Group},
title = {{Current warming will reduce yields unless maize breeding and seed systems adapt immediately}},
url = {https://doi.org/10.1038/nclimate3061},
volume = {6},
year = {2016}
}

@article{Trnka2014,
author = {Trnka, Miroslav and R{\"{o}}tter, Reimund P. and Ruiz-Ramos, Margarita and Kersebaum, Kurt Christian and Olesen, J{\o}rgen E. and {\v{Z}}alud, Zden{\v{e}}k and Semenov, Mikhail A.},
doi = {10.1038/nclimate2242},
issn = {17586798},
journal = {Nature Climate Change},
month = {may},
number = {7},
pages = {637--643},
publisher = {Nature Publishing Group},
title = {{Adverse weather conditions for European wheat production will become more frequent with climate change}},
url = {https://doi.org/10.1038/nclimate2242},
volume = {4},
year = {2014}
}

@article{Zohner2020,
author = {Zohner, Constantin M. and Mo, Lidong and Renner, Susanne S. and Svenning, Jens-Christian and Vitasse, Yann and Benito, Blas M. and Ordonez, Alejandro and Baumgarten, Frederik and Bastin, Jean-Fran{\c{c}}ois and Sebald, Veronica and Reich, Peter B. and Liang, Jingjing and Nabuurs, Gert-Jan and De-Miguel, Sergio and Alberti, Giorgio and Ant{\'{o}}n-Fern{\'{a}}ndez, Clara and Balazy, Radomir and Br{\"{a}}ndli, Urs-Beat and Chen, Han Y. H. and Chisholm, Chelsea and Cienciala, Emil and Dayanandan, Selvadurai and Fayle, Tom M. and Frizzera, Lorenzo and Gianelle, Damiano and Jagodzinski, Andrzej M. and Jaroszewicz, Bogdan and Jucker, Tommaso and Kepfer-Rojas, Sebastian and Khan, Mohammed Latif and Kim, Hyun Seok and Korjus, Henn and Johannsen, Vivian Kvist and Laarmann, Diana and Lang, Mait and Zawila-Niedzwiecki, Tomasz and Niklaus, Pascal A. and Paquette, Alain and Pretzsch, Hans and Saikia, Purabi and Schall, Peter and {\v{S}}ebeÅˆ, Vladim{\'{i}}r and Svoboda, Miroslav and Tikhonova, Elena and Viana, Helder and Zhang, Chunyu and Zhao, Xiuhai and Crowther, Thomas W.},
doi = {10.1073/pnas.1920816117},
issn = {0027-8424},
journal = {Proceedings of the National Academy of Sciences},
pages = {201920816},
publisher = {National Academy of Sciences},
title = {{Late-spring frost risk between 1959 and 2017 decreased in North America but increased in Europe and Asia}},
url = {https://doi.org/10.1073/pnas.1920816117},
year = {2020}
}

@article{JWu2013,
author = {Wu, Jiabing and Guan, Dexin and Yuan, Fenhui and Wang, Anzhi and Jin, Changjie},
doi = {10.1371/journal.pone.0065401},
editor = {Bernacchi, Carl J.},
issn = {1932-6203},
journal = {PLoS ONE},
month = {jun},
number = {6},
pages = {e65401},
publisher = {Public Library of Science},
title = {{Soil Temperature Triggers the Onset of Photosynthesis in Korean Pine}},
url = {https://doi.org/10.1371/journal.pone.0065401},
volume = {8},
year = {2013}
}